@Article{Article_1,
title = {Achieving Non-Inclusive Cache Performance with Inclusive Caches},
author = {Aamer Jaleel Eric Borch Malini Bhandaru Simon Steely and Joel Emer},
journal = {micro},
year = {2010},
}
@Article{Article_2,
title = {Non-Inclusion Property in Multi-level Caches Revisited},
author = {Mohamed Zahran, Kursad Albayraktaroglu and Manoj Franklin},
journal = {IJCA, Vol. 14, No. 2},
year = {June 2007},
}
@PhDThesis{Thesis_1,
title = {Cache coherence techniques for multicore processors},
author = {Michael R. Marty},
school = {University of Wisconsin - Madison},
year = {2008}
}
@book{Pearson_2003,
author = {William Stallings},
title = {Organisation et architecture de l'ordinateur, 6e ed},
year = {2003},
publisher= {Pearson Education France}
}
@book{Computer_2013,
author = {David A. Patterson, John L. Hennessy},
title = {Computer Organization and Design, Fifth Edition},
year = {2013},
publisher= {The Morgan Kaufmann Series in Computer Architecture and Design}
}